@book{HMM85,
	author =	"Hurst, S. L. and Miller, D. M. and Muzio, J. C.",
	address =	"Orlando, Florida",
	year =		"1985",
	publisher =	"Academic Press",
	title =		"Spectral Techniques in Digital Logic"
}

@article{TN94c,
        author =        "Thornton, M. A. and Nair, V. S. S.",
        address =       "Dallas, Texas",
        year =          "1994",
        publisher =     "Southern Methodist University",
        journal =       "Technical Report",
        title =         "{T}he {C}omputation of a {B}oolean {F}unction {S}pectrum {U}sing a {S}tructural {I}nput",
        volume =        "94-CSE-40"
}

@article{TN94d,
        author =        "Thornton, M. A. and Nair, V. S. S.",
        address =       "Dallas, Texas",
        year =          "1994",
        journal =       "Submitted to 1995 IEEE International Symposium on Multiple Valued Logic",
        title =         "{T}he {A}nalysis and {C}lassification of {P}arity {F}unctions {U}sing a {S}mall {S}ubset of {W}alsh {C}oefficient",
}

@article{DB85,
        author =        "Bryan, D.",
        address =       "MCNC",
        year =          "",
        journal =       "",
        title =         "{T}he {I}{S}{C}{A}{S}85 {B}enchmark {C}ircuits and {N}etlist {F}ormat",
}

@article{CMZFY93,
	author =	"Clarke, E. M. and McMillan, K. L. and Zhao, X. and Fujita, M. and Yang, J.",
	address =	"Dallas, Texas",
	year =		"1993",
	journal =	"Proceedings of ACM/IEEE Design Automation Conference",
	pages =		"54-60",
	title =		"{S}pectral {T}ransformations for {L}arge {B}oolean {F}unctions with {A}pplications to {T}echnology {M}apping"
}

@article{FYCZM94,
	author =	"Fujita, M. and Yang, J. and Clarke, E. M. and Zhao, X. and McGeer, P.",
	address =	"London, England",
	year =		"1994",
	journal =	"Proceedings of the International Conference on Circuits and Systems",
	title =		"{F}ast {S}pectrum {C}omputation for {L}ogic {F}unctions using {B}inary {D}ecision {D}iagrams"
}

@article{TN93a,
	author =	"Thornton, M. A. and Nair, V. S. S.",
	address =	"Hamburg, Germany",
	year =		"September 1993",
	journal =	"Proceedings of the European Design Automation Conference",
	pages =		"358-363",
	title =		"{A}n {I}terative {C}ombinational {L}ogic {S}ynthesis {T}echnique {U}sing {S}pectral {I}nformation"
}

@article{SA78,
	author =	"Akers, S. B.",
	year =		"June 1978",
	journal =	"IEEE Transactions on Computers",
	pages =		"509-516",
	title =		"{B}inary {D}ecision {D}iagrams",
	volume =	"vol. C-27, no. 6"
}

@article{RB86,
	author =	"Bryant, R. E.",
	year =		"August 1986",
	journal =	"IEEE Transactions on Computers",
	pages =		"677-691",
	title =		"{G}raph-{B}ased {A}lgorithms for {B}oolean {F}unction {M}anipulation",
	volume =	"vol. C-35, no. 8"
}

@book{BHMV84,
	author =	"Brayton, R. K. and Hachtel, G. D. and McMullen, C. T. and Sangiovanni-Vincintelli, A. L.",
	address =	"Boston, Massachusetts",
	year =		"1984",
	publisher =	"Kluwer Academic Publishers",
	title =		"Logic Minimization Algorithms for VLSI Synthesis"
}

@article{RV85,
	author =	"Rudell, R. and Sangiovanni-Vincintelli, A. L.",
	address =	"Portland, Oregon",
	year =		"May 1985",
	journal =	"Proceedings IEEE Cust. Int. Circ. Conf. (CICC-85)",
	pages =		"230-234",
	title =		"Espresso-MV: Algorithms for Multiple-Valued Logic Minimization"
}

@article{BRVW87,
	author =	"Brayton, R. K. and Rudell, R. and Sangiovanni-Vincintelli, A. L. and Wang, A. R.",
	year =		"November 1987",
	journal =	"IEEE Trans. on CAD",
	pages =		"1062-1081",
	title =		"MIS: A Multiple-Level Logic Optimization System",
	volume =	"vol. CAD-6, no. 6"
}

@article{AD89,
	author =	"de Geus, A. J.",
	year =		"August 1989",
	journal =	"IEEE Spectrum Magazine",
	pages =		"27-31",
	title =		"Logic synthesis speeds ASIC design"
}

@article{VT89,
	author =	"Varma, D. and Trachtenberg, E. A.",
	year =		"August 1989",
	journal =	"IEEE Trans. on CAD",
	pages =		"901-916",
	title =		"{D}esign {A}utomation {T}ools for {E}fficient {I}mplementation of {L}ogic {F}unctions by {D}ecomposition",
	volume =	"vol. 8, no. 8"
}

@article{SR72,
	author =	"Reddy, S. M.",
	year =		"November 1972",
	journal =	"IEEE Transactions on Computers",
	pages =		"1183-1188",
	title =		"{E}asily {T}estable {R}ealizations for {L}ogic {F}unctions",
	volume =	"vol. C-21, no. 11"
}

@article{SB90,
	author =	"Sasao, T. and Besslich, P.",
	year =		"February 1990",
	journal =	"IEEE Transactions on Computers",
	pages =		"262-266",
	title =		"On the {C}omplexity of {M}od-2 {S}um {P}{L}{A}'s",
	volume =	"vol. C-39, no. 2"
}

@book{DG86,
	author =	"Green, D.",
	address =	"Reading, Massachusetts",
	year =		"1986",
	publisher =	"Addison-Wesley",
	title =		"Modern Logic Design"
}

@article{TN93b,
	author =	"Thornton, M. A. and Nair, V. S. S.",
	address =	"Hamburg, Germany",
	year =		"September 1993",
	journal =	"Proceedings of the IFIP WG 10.5 Workshop on Applications of the Reed-Muller Expansion in Circuit Design",
	pages =		"69-74",
	title =		"{A} {N}umerical {M}ethod for {R}eed-{M}uller {C}ircuit {S}ynthesis"
}

@article{TN95b,
	author =	"Thornton, M. A. and Nair, V. S. S.",
	address =	"Makuhari, Chiba, Japan",
	year =		"August 1995",
	journal =	"Proceedings of the IFIP WG 10.5 Workshop on Applications of the Reed-Muller Expansion in Circuit Design",
	pages =		"281-287",
	title =		"{F}ast {R}eed-{M}uller {S}ectrum {C}omputation {U}ing {O}utput {P}robabilities"
}

@article{CYR93,
	author =	"SPIKE Design Group",
	address =	"Richardson, Texas",
	year =		"March 1993",
	journal =	"Cyrix Inc.",
	title =		"Private Communication"
}

@article{AMD93,
	author =	"Communications Product Division",
	address =	"Austin, Texas",
	year =		"1993",
	journal =	"Advanced Micro Devices Corp.",
	title =		"Private Communication"
}

@book{DDT78,
	author =	"Davio, M. and Deschamps, J.-P. and Thayse, A.",
	address =	"New York, New York",
	year =		"1978",
	publisher =	"Mc-Graw-Hill",
	title =		"Discrete and Switching Functions"
}

@article{SH73,
	author =	"Hurst, S. L.",
	year =		"1973",
	journal =	"Comput. J.",
	title =		"{T}he {A}pplication of {C}how {P}arameters and {R}ademacher-{W}alsh {M}atrices in the {S}ynthesis of {B}inary {F}unctions",
	volume =	"vol. 16, no. 2"
}

@article{TN93c,
	author =	"Thornton, M. A. and Nair, V. S. S.",
	address =	"Dallas, Texas",
	year =		"1993",
	publisher =	"Southern Methodist University",
	journal =	"Technical Report",
	title =		"Iterative Combinational Logic Synthesis Techniques Using Spectral Data",
	volume =	"93-CSE-8"
}


@article{TN95a,
	author =        "Thornton, M. A. and Nair, V. S. S.",
	year =		"to appear",
	journal =	"IEE Proceedings, Computers and Digital Techniques",
	title =		"{B}{D}{D} {B}ased {S}pectral {A}pproach for {R}eed-{M}uller {C}ircuit {R}ealisation"
}

@article{TN93d,
	author =	"Thornton, M. A. and Nair, V. S. S.",
	address =	"Dallas, Texas",
	year =		"1993",
	publisher =	"Southern Methodist University",
	journal =	"Technical Report",
	title =		"Reed-Muller Circuit Synthesis Using Numerical Methods",
	volume =	"93-CSE-19"
}

@book{TS93,
	author =	"Sasao, T. (editor)",
	address =	"Boston, Massachusetts",
	year =		"1993",
	publisher =	"Kluwer Academic Publishers",
	title =		"Logic Synthesis and Optimization"
}

@article{UR93,
	author =	"Rollwage, U. R.",
	address =	"Hamburg, Germany",
	year =		"Spetember 1993",
	journal =	"Proceedings IFIP WG 10.5 Workshop on Applications of the Reed-Muller Expansion in Circuit Design",
	pages =		"6-12",
	title =		"{T}he {C}omplexity of {M}od-2 {S}um {P}{L}{A}'s for {S}ymmetric {F}unctions"
}

@article{FSP92,
	author =	"Falkowski, B. J. and Schafer, I. and Perkowski, M. A.",
	address =	"Hamburg, Germany",
	year =		"September 1992",
	journal =	"Proceedings of the European Design Automation Conference",
	pages =		"181-186",
	title =		"{C}alculation Of The {R}ademacher-{W}alsh {S}pectrum From A {R}educed {R}epresentation Of {B}oolean {F}unctions"
}

@article{ED90,
	author =	"Detjens, E.",
	year =		"November 1, 1990",
	journal =	"Computer Design",
	pages =		"124",
	title =		"FPGA devices require FPGA-specific synthesis tools"
}

@article{PM75,
	author =	"Parker, K. P. and McCluskey, E. J.",
	year =		"June 1975",
	journal =	"IEEE Transactions on Computers",
	pages =		"668-670",
	title =		"{P}robabilistic {T}reatment of {G}eneral {C}ombinational {N}etworks",
	volume =	"vol. c-24"
}

@article{TD92,
	author =	"Damarla, T.",
	year =		"September 1992",
	journal =	"IEEE Trans. Comp.",
	pages =		"1101-1109",
	title =		"{G}eneralized {T}ransforms for {M}ultiple {V}alued {C}ircuits and their {F}ault {D}etection",
	volume =	"vol. C-41, no. 9"
}

@article{AL79,
	author =	"Lloyd, A. M.",
	year =		"1979",
	journal =	"J. Electronics",
	pages =		"205-212",
	title =		"{A} {C}onsideration of {O}rthogonal {M}atrices, other than the {R}ademacher-{W}alsh {T}ypes, for the {S}ynthesis of {D}igital {N}etworks",
	volume =	"vol. 47, no. 3"
}

@article{CE75,
	author =	"Edwards, C. R.",
	year =		"1975",
	journal =	"IEEE Trans. Comp.",
	pages =		"48-62",
	title =		"{T}he {A}pplication of the {R}ademacher-{W}alsh {T}ransform to {B}oolean {F}unction {C}lassification and {T}hreshold {L}ogic {S}ynthesis"
}

@article{CE77,
	author =	"Edwards, C. R.",
	year =		"1977",
	journal =	"Radio and Electronic Engineer",
	pages =		"321-342",
	title =		"{T}he {D}esign of {E}asily {T}ested {C}ircuits using {M}apping and {S}pectral {T}echniques",
	volume =	"vol. 47, no. 7"
}

@book{MK76,
	author =	"Karpovsky, M. G.",
	address =	"New York, NY",
	year =		"1976",
	publisher =	"John Wiley",
	title =		"Finite Orthogonal Series in the Design of Digital Devices"
}

@article{PDLSBYSHFS89,
	author =	"Perkowski, M. A. and Driscoll, M. and Liu, J. and Smith, D. and Brown, J. and Yang, L. and Shamsapour, A. and Helliwell, M. and Flakowski, B. and Sarabi, A.",
	year =		"1989",
	journal =	"Proceedings of 22nd IEEE Int. Symp. on Circuits \& Systems",
	pages =		"748-751",
	title =		"{I}ntegration of {L}ogic {S}ynthesis and {H}igh-{L}evel {S}ynthesis into the {D}{I}{A}{D}{E}{S} {D}esign {A}utomation {S}ystem"
}

@article{STN83,
	author =        "Stankovi\'{c}, M. and To\v{s}i\'{c}, Z. and Nikoli\'{c}, S.",
	year =		"July 1983",
	journal =	"IEE Proceedings",
	pages =		"101-108",
	title =		"{S}ynthesis of {M}aitra {C}acades by {M}eans of {S}pectral {C}oefficients",
	volume =	"vol. 130, Pt. E, No. 4"
}

@article{MM84,
	author =	"Miller, D. M. and Muzio, J. C.",
	year =		"August 1984",
	journal =	"IEEE Trans. Comp.",
	pages =		"765-768",
	title =		"{S}pectral {F}ault {S}ignatures for {S}ingle {S}tuck-{A}t {F}aults in {C}ombinational {N}etworks",
	volume =	"vol. C-33, no. 8"
}

@article{AS83,
	author =	"Susskind, A. K.",
	year =		"February 1983",
	journal =	"IEEE Trans. Comp.",
	pages =		"198-201",
	title =		"{T}esting by {V}erifying {W}alsh {C}oefficients",
	volume =	"vol. C-32, no. 2"
}

@article{HS84,
	author =	"Hsiao, T. C. and Seth, S. C.",
	year =		"October 1984",
	journal =	"IEEE Trans. Comp.",
	pages =		"934-937",
	title =		"{A}n {A}nalysis of the {U}se of {R}ademacher-{W}alsh {S}pectrum in {C}ompact {T}esting",
	volume =	"vol. C-33, no. 10"
}

@article{RA57,
	author =	"Ashenhurst, R. L.",
	year =		"April 1957",
	journal =	"Proceedings of an International Symposium on the Theory of Switching",
	pages =		"74-116",
	title =		"{T}he {D}ecomposition of {S}witching {F}unctions"
}

@article{KB81,
	author =	"Kumar, S. K. and Breuer, M. A.",
	year =		"July 1981",
	journal =	"Journal of the ACM",
	pages =		"502-520",
	title =		"{P}robabilistic {A}spects of {B}oolean {S}witching {F}unctions via a {N}ew {T}ransform",
	volume =	"vol. 28, No. 3"
}

@article{CZFMMY93,
	author =	"Clarke, E. M. and Zhao, X. and Fujita, M. and Matsunaga, Y. and McGeer, R. and Yan, J.",
	address =	"Hamburg, Germany",
	year =		"September 1993",
	journal =	"Proceedings of the IFIP WG 10.5 Workshop on Applications of the Reed-Muller Expansion in Circuit Design",
	pages =		"82-85",
	title =		"{F}ast {W}alsh {T}ransform {C}omputation with {B}inary {D}ecision {D}iagram"
}

@article{CMZF93,
	author =	"Clarke, E. M. and McMillan, K. L. and Zhao, X. and Fujita, M.",
	address =	"Hamburg, Germany",
	year =		"September 1993",
	journal =	"Proceedings of the IFIP WG 10.5 Workshop on Applications of the Reed-Muller Expansion in Circuit Design",
	pages =		"86-90",
	title =		"{S}pectral {T}ransforms for {E}xtremely {L}arge {B}oolean {F}unctions"
}

@article{CT65,
	author =	"Cooley, J. W. and Tukey, J. W.",
	year =		"1965",
	journal =	"Math. Computation",
	pages =		"297-301",
	title =		"{A}n {A}lgorithm for the {M}achine {C}alculation of {C}omplex {F}ourier {S}eries",
	volume =	"vol. 19"
}

@article{JS69,
	author =	"Shanks, J. L.",
	year =		"May 1969",
	journal =	"IEEE Trans. Comp.",
	pages =		"457-459",
	title =		"{C}omputation of the {F}ast {W}alsh-{F}ourier {T}ransform",
	volume =	"vol. C-18"
}

@book{MM84a,
	author =	"Mano, M.",
	address =	"Englewood Cliffs, New Jersey",
	year =		"1984",
	publisher =	"Prentice Hall",
	title =		"Digital Design"
}

@article{CL59,
	author =	"Lee, C. Y.",
	year =		"July 1959",
	journal =	"Bell System Technical Journal",
	pages =		"985-999",
	title =		"{R}epresentation of {S}witching {C}ircuits by {B}inary-{D}ecision {P}rograms",
	volume =	"vol. 38"
}

@article{TN93e,
	author =	"Thornton, M. A. and Nair, V. S. S.",
	year =		"October 1994",
	journal =	"Digital Signal Processing: A Review Journal",
	pages =		"245-254",
	title =		"{E}fficient {S}pectral {C}oefficient {C}alculation {U}sing {C}ircuit {O}utput {P}robabilities"
}

@article{TN94e,
	author =	"Thornton, M. A. and Nair, V. S. S.",
	year =		"November 1995",
	journal =	"IEEE Trans. on CAD/ICAS",
	pages =		"1328-1341",
	title =		"{E}fficient {C}alculation of {S}pectral {C}oefficients and {T}heir {A}pplications",
	volume =	"vol. 14, no. 11"
}

@article{FFK88,
	author =	"Fujita, M. and Fujisawa, H. and Kawato, N.",
	year =		"1988",
	journal =	"Proceedings of ICCAD",
	pages =		"2-5",
	title =		"{E}valuation and {I}mprovements of {B}oolean {C}omparison {M}ethod {B}ased on {B}inary {D}ecision {D}iagrams"
}

@article{MWBS88,
	author =	"Milak, S. and Wang, A. R. and Brayton, R. K. and Sangiovanni-Vincentelli, A.",
	year =		"1988",
	journal =	"Proceedings of ICCAD",
	pages =		"6-9",
	title =		"{L}ogic {V}erification using {B}inary {D}ecision {D}iagrams in a {L}ogic {S}ynthesis {E}nvironment"
}

@article{CC61,
	author =	"Chow, C. K.",
	year =		"1961",
	journal =	"IEEE Special Publication S.134",
	pages =		"34-38",
	title =		"{O}n the {C}haracterization of {T}hreshold {F}unctions"
}

@article{TN94b,
	author =	"Thornton, M. A. and Nair, V. S. S.",
	address =	"Dallas, Texas",
	year =		"Feb. 1994",
	publisher =	"Southern Methodist University",
	journal =	"Technical Report",
	title =		"{A}pplications and {E}fficient {C}omputation of {S}pectral {C}oefficients for {D}igital {L}ogic",
	volume =	"94-CSE-13"
}

@article{RL71,
	author =	"Lechner, R.",
	address =	"New York, NY",
	year =		"1971",
	publisher =	"A. Mukhopadhyay, Ed., Academic Press",
	journal =	"in Recent developments in switching theory",
	pages =		"121-228",
	title =		"{H}armonic {A}nalysis of {S}witching {F}unctions"
}

@article{JBFA91,
	author =	"Jain, J. and Bitner, J. and Fussell, D. S. and Abraham, J. A.",
	year =		"April 1991",
	journal =	"Technical Report, University of Texas at Austin",
	title =		"{P}robabilistic {D}esign {V}erification",
	volume =	"UT-CERC-TR-JAA91-01"
}


@article{VT80,
	author =	"Tokmen, V. M.",
	year =		"1980",
	journal =	"Proceedings IEEE 10th Int. Symp. Mult. Valued Logic",
	pages =		"88-93",
	title =		"{D}isjoint {D}ecomposability of {M}ultiple {V}alued {F}unctions by {S}pectral {M}eans"
}

@article{SP92,
	author =	"Sarabi, A. and Perkowski, M.",
	year =		"1992",
	journal =	"Proceedings of the IEEE Design Automation Conference",
	pages =		"30-35",
	title =		"{F}ast {E}xact {Q}uasi-{M}inimal {M}inimization of {H}ighly {T}estable {F}ixed-{P}olarity {A}{N}{D}\/{X}{O}{R} {C}anonical {N}etworks"
}

@book{BLR62,
	author =	"Bartee, T.C. and Lebow, I.L. and Reed, I.S.",
	address =	"New York, New York",
	year =		"1962",
	publisher =	"Mc-Graw-Hill",
	title =		"Theory and Design of Digital Machines"
}

@article{DM54,
	author = 	"Muller, D.E.",
	year =		"September 1954",
	journal =	"IRE Trans. Elec. Comp.",
	pages =		"6-12",
	title =		"{A}pplication of {B}oolean {A}lgebra to {S}witching {C}ircuit {D}esign and to {E}rror {D}etection"
}

@article{MS70,
	author =	"Mukhopadhyay, A. and Schmitz, G.",
	year =		"1970",
	journal =	"IEEE Trans. Comp.",
	pages =		"132-140",
	title =		"{M}inimization of {E}{X}{C}{L}{U}{S}{I}{V}{E} {O}{R} and {L}{O}{G}{I}{C}{A}{L} {E}{Q}{U}{I}{V}{A}{L}{E}{N}{C}{E} {S}witching {C}ircuits",
	volume =	"C-19, no. 2"
}

@book{VL75,
	author =	"Larney, V.H.",
	address =	"Boston, Massachusetts",
	year =		"1975",
	publisher =	"Prindle, Weber, and Schmidt",
	title =		"Abstract Algebra A First Course"
}

@book{DBM78,
	author =	"Dongarra, J. and Bunch, J.R. and Moler, C.B. and Stewart, G.W.",
	address =	"Philadelphia, Pennsylvania",
	year =		"1978",
	publisher =	"SIAM Press",
	title =		"LINPACK Users Guide"
}

@article{SD93,
	author =	"Devadas, S.",
	year =		"May 1993",
	journal =	"IEEE Transactions on Computer-Aided Design of Integrated Circuits and Systems",
	pages =		"722-723",
	title =		"{C}omparing {T}wo-{L}evel and {O}rdered {B}inary {D}ecision {D}iagram {R}epresentations of {L}ogic {F}unctions",
	volume =	"vol. 12, no. 5"
}

@article{RB91,
	author =	"Bryant, R.",
	year =		"February 1991",
	journal =	"IEEE Transactions on Computers",
	pages =		"205-213",
	title =		"{O}n the {C}omplexity of {V}{L}{S}{I} {I}mplementations and {G}raph {R}epresentations of {B}oolean {F}unctions with {A}pplications to {I}nteger {M}ultiplication",
	volume =	"vol. 40, no. 2"
}

@article{MIY90,
        author =        "Minato, S. and Ishiura, N. and Yajima, S.",
        year =          "1990",
        journal =       "Proceedings of the ACM/IEEE Design Automation Conference",
        pages =         "52-57",
        title =         "{S}hared {B}inary {D}ecision {D}iagram with {A}ttributed {E}dges for {E}fficient {B}oolean {F}unction {M}anipulation"
}
 
@article{GDKW92,
        author =        "Ghosh, A. and Devadas, S. and Keutzer, K. and White, J.",
        year =          "June 1992",
        journal =       "Proceedings of the ACM/IEEE Design Automation Conference",
        pages =         "253-259",
        title =         "{E}stimation of {A}verage {S}witching {A}ctivity in {C}ombinational and {S}equential {C}ircuits"
}
 
@article{TPD93,
        author =        "Tsui, C. Y. and Pedram, M. and Despain, A.",
        year =          "June 1993",
        journal =       "Proceedings of the International Conference on Computer-Aided Design",
        pages =         "224-228",
        title =         "{E}fficient {E}stimation of {D}ynamic {P}ower {D}issipation {U}nder a {R}eal {D}elay {M}odel"
}
 
@book{PB85,
	author =	"Besslich, P. W.",
	address =	"Boston, Massachusetts",
	year =		"1985",
	publisher =	"Academic Press",
	title =		"Spectral Techniques and Fault Detection, (M. G. Karpovsky, editor)"
}

@article{AH14,
        author =        "Haar, A.",
        year =          "1914",
        journal =       "Math. Ann.",
        pages =         "331-371",
        title =         "{Z}ur {T}heorie der orthogonalen {F}unktionensysteme",
	volume =	"vol. 69"
}
 
@book{AR75,
	author =	"Ahmed, N. and Rao, K. R.",
	address =	"New York, New York",
	year =		"1975",
	publisher =	"Springer-Verlag",
	title =		"Orthogonal Transforms for Digital Signal Processing"
}

@article{SH81,
        author =        "Hurst, S. H.",
        year =          "1981",
        journal =       "Proceedings of the IEEE $11^{th}$ International Symposium on Multiple Valued Logic",
        pages =         "10-18",
        title =         "{T}he {H}aar {T}ransform in {D}igital {N}etwork {S}ynthesis"
}
 
@article{DM95,
	author =	"Miller, D. M.",
	year =		"submitted December 1995",
	journal =	"IEEE Trans. on CAD/ICAS",
	title =		"{A}n {I}mproved {M}ethod for {C}omputing a {G}eneralized {S}pectral {C}oefficient",
	volume =	"(under review)"
}

@article{SM92,
        author =        "Minato, S.",
        year =          "1992",
        journal =       "IEICE Transactions on Fundamentals",
	title =		"{M}inimum-{W}idth {M}ethod of {V}ariable {O}rdering for {B}inary {D}ecision {D}iagrams",
        pages =         "392-399",
	volume =	"vol. E75-A, no. 3"
}

@article{MP96,
        author =        "Pedram, M.",
        year =          "1996",
        journal =       "ACM Transactions on Design Automation of Electronic Systems",
	title =		"{P}ower {M}inimization in {I}{C} {D}esign: {P}rinciples and {A}pplications",
	volume =	"vol. 1, no. 1"
}
 


 


